<record><leader>00000cas a22000007a 4500</leader><controlfield tag="001">31111232</controlfield><controlfield tag="008">940914d19831985akumx ne      0   a0eng d</controlfield><datafield ind1=" " ind2=" " tag="010"><subfield code="a">sn 98060252 </subfield></datafield><datafield ind1=" " ind2=" " tag="040"><subfield code="a">UAF</subfield><subfield code="b">eng</subfield><subfield code="c">UAF</subfield><subfield code="d">ANE</subfield><subfield code="d">OCLCQ</subfield><subfield code="d">OCLCF</subfield><subfield code="d">OCLCO</subfield></datafield><datafield ind1=" " ind2=" " tag="019"><subfield code="a">31108071</subfield></datafield><datafield ind1="1" ind2=" " tag="029"><subfield code="a">AU@</subfield><subfield code="b">000014018080</subfield></datafield><datafield ind1=" " ind2=" " tag="042"><subfield code="a">msc</subfield></datafield><datafield ind1=" " ind2=" " tag="043"><subfield code="a">n-us-ak</subfield></datafield><datafield ind1="0" ind2="0" tag="245"><subfield code="a">Action Alaska.</subfield></datafield><datafield ind1="3" ind2="0" tag="246"><subfield code="a">Action Alaska the people's voice</subfield></datafield><datafield ind1=" " ind2=" " tag="260"><subfield code="a">Anchorage, Alaska :</subfield><subfield code="b">Action Alaska,</subfield><subfield code="c">1983-</subfield></datafield><datafield ind1=" " ind2=" " tag="300"><subfield code="a">v.</subfield></datafield><datafield ind1=" " ind2=" " tag="310"><subfield code="a">Monthly (irregular)</subfield></datafield><datafield ind1="0" ind2=" " tag="362"><subfield code="a">Vol. 1, no. 1 (Dec. 1983)-</subfield></datafield><datafield ind1="1" ind2=" " tag="362"><subfield code="a">Ceased in 1985?</subfield></datafield><datafield ind1=" " ind2=" " tag="515"><subfield code="a">Issue designated June 1985 on cover is called May-June 1985 on succeeding page.</subfield></datafield><datafield ind1=" " ind2="0" tag="651"><subfield code="a">Anchorage (Alaska)</subfield><subfield code="v">Newspapers.</subfield></datafield><datafield ind1=" " ind2="7" tag="655"><subfield code="a">Newspapers.</subfield><subfield code="2">fast</subfield><subfield code="0">(OCoLC)fst01423814</subfield></datafield><datafield ind1=" " ind2="7" tag="651"><subfield code="a">Alaska</subfield><subfield code="z">Anchorage.</subfield><subfield code="2">fast</subfield><subfield code="0">(OCoLC)fst01212412</subfield></datafield><datafield ind1=" " ind2=" " tag="752"><subfield code="a">United States</subfield><subfield code="b">Alaska</subfield><subfield code="d">Anchorage.</subfield></datafield></record>